<?xml version="1.0" encoding="UTF-8"?><collection xmlns="http://www.loc.gov/MARC21/slim"><record><leader>00341nam--2200121-i-4500</leader><controlfield tag="001">000050058</controlfield><controlfield tag="002">20161230</controlfield><controlfield tag="005">20161230201048</controlfield><controlfield tag="008">060222s1000------------r-----000-0-eng-d</controlfield><datafield ind1=" " ind2=" " tag="100"><subfield code="a">Bamdas, A.M.Savinovskii, Iu.A</subfield></datafield><datafield ind1=" " ind2=" " tag="245"><subfield code="a">Upravliaemye drosseli radioelectronnoi apparatury</subfield></datafield><datafield ind1=" " ind2=" " tag="260"><subfield code="a">Moskva, Izd. Sovetskoe Radio, 1966, 343s</subfield></datafield><datafield ind1=" " ind2=" " tag="852"><subfield code="a">233384</subfield></datafield></record></collection>